@misc{nuzzi2025,
  author       = {Jones Roberto Nuzzi},
  title        = {Design Patterns — Parte 16 — Command},
  year         = {2025},
  howpublished = {\url{https://medium.com/@jonesroberto/design-patterns-parte-16-command-9c73af726c9c}},
  note         = {Acesso em: 15 ago. 2025}
}

@misc{refactoring2025,
  author       = {Refactoring Guru},
  title        = {Command},
  year         = {2025},
  howpublished = {\url{https://refactoring.guru/pt-br/design-patterns/command}},
  note         = {Acesso em: 15 ago. 2025}
}
